<?xml version="1.0" encoding="UTF-8"?><record xmlns="http://www.loc.gov/MARC21/slim" xmlns:cinclude="http://apache.org/cocoon/include/1.0" xmlns:zs="http://www.loc.gov/zing/srw/">
  <leader>00412nz  a2200145n  4500</leader>
  <controlfield tag="001">nb2008019045</controlfield>
  <controlfield tag="003">DLC</controlfield>
  <controlfield tag="005">20080912080418.0</controlfield>
  <controlfield tag="008">080910n| acannaabn          |a aaa      </controlfield>
  <datafield tag="010" ind1=" " ind2=" ">
    <subfield code="a">nb2008019045</subfield>
  </datafield>
  <datafield tag="035" ind1=" " ind2=" ">
    <subfield code="a">(Uk)007224635</subfield>
  </datafield>
  <datafield tag="040" ind1=" " ind2=" ">
    <subfield code="a">Uk</subfield>
    <subfield code="b">eng</subfield>
    <subfield code="c">Uk</subfield>
  </datafield>
  <datafield tag="100" ind1="1" ind2=" ">
    <subfield code="a">Mock, Gil</subfield>
  </datafield>
  <datafield tag="400" ind1="1" ind2=" ">
    <subfield code="a">Mock, Gilbert James</subfield>
  </datafield>
  <datafield tag="670" ind1=" " ind2=" ">
    <subfield code="a">The last boat home, 2006:</subfield>
    <subfield code="b">back cover (Gil Mock) p.9 (Sapper Gilbert James Mock, Royal Engineers)</subfield>
  </datafield>
</record>